<record><leader>00000cas a22000007a 4500</leader><controlfield tag="001">24498250</controlfield><controlfield tag="008">911004d19641965nhuwn ne      0    0eng d</controlfield><datafield ind1=" " ind2=" " tag="010"><subfield code="a">sn 91063272 </subfield></datafield><datafield ind1=" " ind2=" " tag="040"><subfield code="a">NVH</subfield><subfield code="b">eng</subfield><subfield code="c">NVH</subfield><subfield code="d">OCLCQ</subfield></datafield><datafield ind1=" " ind2=" " tag="042"><subfield code="a">msc</subfield></datafield><datafield ind1="0" ind2="0" tag="245"><subfield code="a">Eastern Slope and Mt. Washington Valley signal.</subfield></datafield><datafield ind1="3" ind2="0" tag="246"><subfield code="a">Eastern Slope and Mount Washington Valley signal</subfield></datafield><datafield ind1=" " ind2=" " tag="260"><subfield code="a">Conway, N.H. :</subfield><subfield code="b">Radio Station WBNC</subfield></datafield><datafield ind1=" " ind2=" " tag="300"><subfield code="a">v.</subfield></datafield><datafield ind1=" " ind2=" " tag="310"><subfield code="a">Weekly (Dec.-Mar.)</subfield></datafield><datafield ind1="0" ind2=" " tag="362"><subfield code="a">Vol. 3, no. 1 (Dec. 26, 1964)-</subfield></datafield><datafield ind1="1" ind2=" " tag="362"><subfield code="a">Ceased with issue for Mar. 6, 1965.</subfield></datafield><datafield ind1=" " ind2=" " tag="752"><subfield code="a">United States</subfield><subfield code="b">New Hampshire</subfield><subfield code="c">Carroll</subfield><subfield code="d">Conway.</subfield></datafield><datafield ind1="0" ind2="0" tag="780"><subfield code="t">Eastern Slope signal</subfield><subfield code="w">(DLC)sn 91063232</subfield></datafield><datafield ind1="0" ind2="0" tag="785"><subfield code="t">Mt. Washington Valley signal</subfield><subfield code="w">(DLC)sn 91063233</subfield></datafield></record>